@article{irback2009effective,
  title={{An effective all-atom potential for proteins}},
  author={Irb\"{a}ck, A. and Mitternacht, S. and Mohanty, S.},
  journal={PMC Biophys.},
  volume={2},
  number={1},
  pages={2},
  year={2009},
  publisher={BioMed Central Ltd.}
}
