@unpublished{johansson2013mumu,
  title = {A Simple Probabilistic Model of Multibody Interactions in Proteins},
  author = {Kristoffer E. Johansson and Thomas Hamelryck},
journal = {Proteins},
  note = {Submitted manuscript},
  year = {2013}
}
