@inproceedings{arthur2007k,
  title={K-means++: The advantages of careful seeding},
  author={Arthur, D. and Vassilvitskii, S.},
  booktitle={Proceedings of the eighteenth annual ACM-SIAM symposium on Discrete algorithms},
  pages={1027--1035},
  year={2007},
  organization={Society for Industrial and Applied Mathematics}
}

