@article{fernandez2003dehydron,
  title={Dehydron: a structurally encoded signal for protein interaction},
  author={Fern{\'a}ndez, A. and Scott, R.},
  journal={Biophys. J.},
  volume={85},
  number={3},
  pages={1914--1928},
  year={2003},
  publisher={Elsevier}
}
