@article{boomsma2008gpm,
  title={{A generative, probabilistic model of local protein structure}},
  author={Boomsma, W. and Mardia, K.V. and Taylor, C.C. and Ferkinghoff-Borg, J. and Krogh, A. and Hamelryck, T.},
  journal={Proc. Natl. Acad. Sci. U S A},
  volume={105},
  number={26},
  pages={8932--8937},
  year={2008},
  publisher={National Acad Sciences}
}

@article{hamelryck2006srp,
  title={{Sampling realistic protein conformations using local structural bias}},
  author={Hamelryck, T. and Kent, J.T. and Krogh, A.},
  journal={PLoS Comput. Biol.},
  volume={2},
  number={9},
  pages={e131},
  year={2006}
}

@article{harder2010beyond,
  title={Beyond rotamers: a generative, probabilistic model of side chains in proteins},
  author={Harder, T. and Boomsma, W. and Paluszewski, M. and Frellsen, J. and Johansson, K.E. and Hamelryck, T.},
  journal={BMC bioinformatics},
  volume={11},
  number={1},
  pages={306},
  year={2010},
  publisher={BioMed Central Ltd}
}

@article{dunbrack1997bayesian,
  title={Bayesian statistical analysis of protein side-chain rotamer preferences},
  author={Dunbrack Jr, R.L. and Cohen, F.E.},
  journal={Protein Sci.},
  volume={6},
  number={8},
  pages={1661--1681},
  year={1997},
  publisher={Wiley Online Library}
}

@article{betancourt2005efficient,
  title={Efficient {Monte Carlo} trial moves for polypeptide simulations},
  author={Betancourt, M.R.},
  journal={J. Chem. Phys.},
  volume={123},
  pages={174905},
  year={2005}
}

@article{smith2008backrub,
  title={Backrub-like backbone simulation recapitulates natural protein conformational variability and improves mutant side-chain prediction},
  author={Smith, C.A. and Kortemme, T.},
  journal={J. Mol. Biol.},
  volume={380},
  number={4},
  pages={742--756},
  year={2008},
  publisher={Elsevier}
}

@article{engh1991accurate,
  title={Accurate bond and angle parameters for {X}-ray protein structure refinement},
  author={Engh, R.A. and Huber, R.},
  journal={Acta Crystallogr. A},
  volume={47},
  number={4},
  pages={392--400},
  year={1991},
  publisher={International Union of Crystallography}
}

@article{lotan2004algorithm,
  title={{Algorithm and data structures for efficient energy maintenance during {Monte Carlo} simulation of proteins}},
  author={Lotan, I. and Schwarzer, F. and Halperin, D. and Latombe, J.C.},
  journal={J. Comput. Biol.},
  volume={11},
  number={5},
  pages={902--932},
  year={2004},
  publisher={Mary Ann Liebert, Inc. 2 Madison Avenue Larchmont, NY 10538 USA}
}

@unpublished{frellsen12,
 title = {Muninn - {A}n automated method for {Monte Carlo} simulations in generalized ensembles},
 author = {Frellsen, J. and Ferkinghoff-Borg, J.},
 note = {In preparation},
 year = {2012},
}

@article{kirkpatrick1983optimization,
  title={Optimization by simulated annealing},
  author={Kirkpatrick, S. and Gelatt, C.D. and Vecchi, M.P.},
  journal={Science},
  volume={220},
  number={4598},
  pages={671},
  year={1983},
  publisher={American Association for the Advancement of Science}
}

@article{metropolis1953equation,
  title={Equation of state calculations by fast computing machines},
  author={Metropolis, N. and Rosenbluth, A.W. and Rosenbluth, M.N. and Teller, A.H. and Teller, E. and others},
  journal={J. Chem. Phys.},
  volume={21},
  number={6},
  pages={1087},
  year={1953}
}

@unpublished{stovgaard2011,
  title = {Inferential structure determination of flexible multi-domain proteins from small-angle {X}-ray scattering data},
  author = {Stovgaard, K. and Andreetta, C. and Clark, N. and Harder, T. and Ferkinghoff-Borg, J. and Boomsma, W. and Borg, M. and Frellsen, J. and Receveur-Br\'{e}chot, V. and Luger K. and Hamelryck, T},
 note = {Submitted},
 year = {2011},
}

@article{irback2006profasi,
  title={PROFASI: a {Monte Carlo} simulation package for protein folding and aggregation},
  author={Irb{\"a}ck, A. and Mohanty, S.},
  journal={Journal of computational chemistry},
  volume={27},
  number={13},
  pages={1548--1555},
  year={2006},
  publisher={Wiley Online Library}
}






