@article{roegen2003automatic,
  title={Automatic classification of protein structure by using {Gauss} integrals},
  author={R{\o}gen, P. and Fain, B.},
  journal={Proc. Natl. Acad. Sci. U S A},
  volume={100},
  number={1},
  pages={119},
  year={2003},
  publisher={National Acad Sciences}
}
