@article{bottaro2012crisp,
title = {Subtle {M}onte {C}arlo Updates in Dense Molecular Systems},
author = {Bottaro, Sandro and Boomsma, Wouter and E. Johansson, Kristoffer and Andreetta, Christian and Hamelryck, Thomas and Ferkinghoff-Borg, Jesper},
journal = {J. Chem. Theory Comput.},
volume = {8},
number = {2},
pages = {695-702},
year = {2012},
doi = {10.1021/ct200641m}
}

@article{ulmschneider2003monte,
  title={{Monte Carlo} backbone sampling for polypeptides with variable bond angles and dihedral angles using concerted rotations and a {Gaussian} bias},
  author={Ulmschneider, J.P. and Jorgensen, W.L.},
  journal={J. Chem. Phys.},
  volume={118},
  pages={4261},
  year={2003}
}

@article{favrin2001monte,
  title={{Monte Carlo} update for chain molecules: biased {Gaussian} steps in torsional space},
  author={Favrin, G. and Irb\"{a}ck, A. and Sjunnesson, F.},
  journal={J. Chem. Phys.},
  volume={114},
  pages={8154},
  year={2001}
}
