@article{berg1992multicanonical,
  title={Multicanonical ensemble: A new approach to simulate first-order phase transitions},
  author={Berg, B.A. and Neuhaus, T.},
  journal={Physical Review Letters},
  volume={68},
  number={1},
  pages={9},
  year={1992},
  publisher={APS}
}