@ARTICLE{Debye-1915,
  author = {P. Debye},
  title = {Zerstreuung von rontgenstrahlen},
  journal = {Ann Phys},
  year = {1915},
  volume = {351},
  pages = {809-823},
  number = {6},
  month = jan
}

@ARTICLE{SemenS-1991,
  author = {Semenyuk, A.V. and Svergun, D.I.},
  title = {{GNOM}-a program package for small-angle scattering data processing},
  journal = {Journal of Applied Crystallography},
  year = {1991},
  volume = {24},
  pages = {537--540},
  number = {5},
  publisher = {International Union of Crystallography}
}

@ARTICLE{KochVS-2003,
  author = {M.H.J. Koch and P. Vachette and D.I. Svergun},
  title = {Small-angle scattering: a view on the properties, structures and
    structural changes of biological macromolecules in solution},
  journal = {Q Rev Biophys},
  year = {2003},
  volume = {36},
  pages = {147--227},
  number = {2},
  month = {Jan},
  doi = {10.1017/S0033583503003871}
}

@ARTICLE{Hanse-1990,
  author = {Hansen, S.},
  title = {Calculation of small-angle scattering profiles using {Monte} {Carlo}
    simulation},
  journal = {Journal of applied crystallography},
  year = {1990},
  volume = {23},
  pages = {344--346},
  number = {4},
  publisher = {International Union of Crystallography}
}

@BOOK{KratkG-1982,
  title = {Small angle {X}-ray scattering},
  publisher = {Academic New York},
  year = {1982},
  author = {O. Kratky and O. Glatter},
  month = {Jan}
}

@BOOK{SvergFT-1987,
  title = {Structure analysis by small angle {X}-ray and neutron scattering},
  publisher = {Plenum Press},
  year = {1987},
  author = {Svergun, D.I. and Feigin, L.A. and Taylor, G.W.}
}

@ARTICLE{Guini-1939,
  author = {Guinier, A.},
  title = {Diffraction of {X}-rays of very small angles-application to the study
    of ultramicroscopic phenomena},
  journal = {Ann. Phys.(Paris)},
  year = {1939},
  volume = {12},
  pages = {161--237}
}

@article{stovgaard2010calculation,
  title={Calculation of accurate small angle {X}-ray scattering curves from coarse-grained protein models},
  author={Stovgaard, K. and Andreetta, C. and Ferkinghoff-Borg, J. and Hamelryck, T.},
  journal={BMC bioinformatics},
  volume={11},
  number={1},
  pages={429},
  year={2010},
  publisher={BioMed Central Ltd}
}

@article{svergun1995crysol,
  title={{CRYSOL}-a program to evaluate {X}-ray solution scattering of biological macromolecules from atomic coordinates},
  author={Svergun, D. and Barberato, C. and Koch, MHJ},
  journal={J. Appl. Cryst.},
  volume={28},
  number={6},
  pages={768--773},
  year={1995},
  publisher={International Union of Crystallography}
}

@book{glatter1982small,
  title={Small angle {X}-ray scattering},
  author={Glatter, O. and Kratky, O.},
  volume={102},
  year={1982},
  publisher={Academic Press London}
}

@article{olsson2011generative,
  title={Generative probabilistic models extend the scope of inferential structure determination},
  author={Olsson, S. and Boomsma, W. and Frellsen, J. and Bottaro, S. and Harder, T. and Ferkinghoff-Borg, J. and Hamelryck, T.},
  journal={J. Magn. Reson.},
  volume={213},
  pages={182--186},
  year={2011}
}
