@article{conte97visvol,
title = "Visible volume: A robust measure for protein structure characterization",
author = "Loredana Lo Conte and Temple F. Smith",
journal = "J Mol Biol",
volume = 273,
number = 1,
pages = "338 -- 348",
year = 1997,
doi = "10.1006/jmbi.1997.1298",
}

@article{schymkowitz05foldx,
author = {Schymkowitz, Joost and Ferkinghoff-Borg, Jesper and Stricher, Francois and Nys, Robby and Rousseau, Frederic and Serrano, Luis}, 
title = {The FoldX web server: an online force field},
volume = {33}, 
number = {suppl 2}, 
pages = {W382 -- W388}, 
year = {2005}, 
doi = {10.1093/nar/gki387}, 
journal = {Nucleic Acids Res} 
}
