@article{jorgensen1996development,
  title={Development and testing of the {OPLS} all-atom force field on conformational energetics and properties of organic liquids},
  author={Jorgensen, W.L. and Maxwell, D.S. and Tirado-Rives, J.},
  journal={J. Am. Chem. Soc.},
  volume={118},
  number={45},
  pages={11225--11236},
  year={1996},
  publisher={ACS Publications}
}

@article{ponder2010,
  author = 	 {Ponder, J.W. and Wu, C. and Ren, P. and Pande, V.S. and Chodera, J.D. and Schnieders, M.J. and Haque, I. and Mobley, D.L. and Lambrecht, D.S. and DiStasio, R.A. Jr. and Head-Gordon, M. and Clark, G.N.I. and Johnson, M.E. and Head-Gordon, T.},
  title = 	 {Current Status of the {AMOEBA} Polarizable Force Field},
  journal = 	 {J. Phys. Chem. B},
  year = 	 2010,
  volume = 	 114,
  number = 	 8,
  pages = 	 {2549-2564}}

@article{qiu1997gbsa,
title={{The GB/SA continuum model for solvation. A fast analytical method for the calculation of approximate Born radii}},
author={Qiu, D. and  Shenkin, P. S. and  Hollinger,  F. P. and  Still, W. C.},
journal={J. Phys. Chem. A},
volume={101},
number={16},
pages={3005-3014},
year={1997}
}
